@misc{ZB2022AMPJMftSEP,
  author    = {Zhang, Zhiyuan and Bai, Zheng-Jian},
  title     = {A mixed precision {Jacobi} method for the symmetric eigenvalue problem},
  year      = {2022},
  copyright = {arXiv.org perpetual, non-exclusive license},
  doi       = {10.48550/ARXIV.2211.03339},
  file      = {:A Mixed Precision Jacobi Method for the Symmetric Eigenvalue Problem-ZB2022AMPJMftSEP.pdf:PDF},
  keywords  = {Numerical Analysis (math.NA), FOS: Mathematics, FOS: Mathematics, 65F15, 15A18},
  publisher = {arXiv}
}
@article{Kempen1966,
  author     = {H. P. M. van Kempen},
  journal    = {{Numerische} {Mathematik}},
  title      = {On the quadratic convergence of the special cyclic {Jacobi} method},
  year       = {1966},
  month      = nov,
  number     = {1},
  pages      = {19--22},
  volume     = {9},
  bdsk-url-1 = {https://doi.org/10.1007/bf02165225},
  doi        = {10.1007/bf02165225},
  file       = {:Kempen1966 - On the Quadratic Convergence of the Special Cyclic Jacobi Method.pdf:PDF},
  publisher  = {{Springer} {Science} and {Business} {Media} {LLC}},
  url        = {https://doi.org/10.1007/bf02165225}
}
